@article{wang2014fingerprint,
  title={Fingerprint Classification Based on Depth Neural Network},
  author={Wang, Ruxin and Han, Congying and Wu, Yanping and Guo, Tiande},
  journal={arXiv preprint arXiv:1409.5188},
  year={2014}
}


@article{menotti2014deep,
  title={Deep representations for iris, face, and fingerprint spoofing attack detection},
  author={Menotti, David and Chiachia, Giovani and Pinto, Allan and Schwartz, William Robson and Pedrini, Helio and Falcao, Alexandre Xavier and Rocha, Anderson},
  journal={arXiv preprint arXiv:1410.1980},
  year={2014}
}


@inproceedings{taigman2014deepface,
  title={Deepface: Closing the gap to human-level performance in face verification},
  author={Taigman, Yaniv and Yang, Ming and Ranzato, Marc'Aurelio and Wolf, Lars},
  booktitle={Computer Vision and Pattern Recognition (CVPR), 2014 IEEE Conference on},
  pages={1701--1708},
  year={2014},
  organization={IEEE}
}


@inproceedings{sun2013hybrid,
  title={Hybrid deep learning for face verification},
  author={Sun, Yi and Wang, Xiaogang and Tang, Xiaoou},
  booktitle={Computer Vision (ICCV), 2013 IEEE International Conference on},
  pages={1489--1496},
  year={2013},
  organization={IEEE}
}

@inproceedings{sun2014deep,
  title={Deep learning face representation by joint identification-verification},
  author={Sun, Yi and Chen, Yuheng and Wang, Xiaogang and Tang, Xiaoou},
  booktitle={Advances in Neural Information Processing Systems},
  pages={1988--1996},
  year={2014}
}


@inproceedings{huang2012learning,
  title={Learning hierarchical representations for face verification with convolutional deep belief networks},
  author={Huang, Gary B and Lee, Honglak and Learned-Miller, Erik},
  booktitle={Computer Vision and Pattern Recognition (CVPR), 2012 IEEE Conference on},
  pages={2518--2525},
  year={2012},
  organization={IEEE}
}