@incollection{ribeiro2011deep,
  title={Deep learning networks for off-line handwritten signature recognition},
  author={Ribeiro, Bernardete and Gon{\c{c}}alves, Ivo and Santos, S{\'e}rgio and Kovacec, Alexander},
  booktitle={Progress in Pattern Recognition, Image Analysis, Computer Vision, and Applications},
  pages={523--532},
  year={2011},
  publisher={Springer}
}



