%% This BibTeX bibliography file was created using BibDesk.
%% http://bibdesk.sourceforge.net/


%% Created for sargursrihari at 2015-11-05 12:40:56 -0500 


%% Saved with string encoding Unicode (UTF-8) 

	


@article{Bohme09,
	Author = {R. Bohme and F. C. Freiling and T. Gloe and M. Kirchner},
	Date-Added = {2015-10-24 22:41:33 +0000},
	Date-Modified = {2015-10-24 22:43:34 +0000},
	Journal = {Proc. International Workshop on Computational Forensics},
	Pages = {90-103},
	Publisher = {Springer},
	Title = {Computer {F}orensics is not {M}ultimedia {F}orensics},
	Year = {2009}}



@article{Inman02,
	Author = {K. Inman and N. Rudin},
	Date-Added = {2015-10-24 22:40:57 +0000},
	Date-Modified = {2015-10-24 22:40:57 +0000},
	Journal = {Forensic Science International},
	Pages = {11-16},
	Title = {The {O}rigin of {E}vidence},
	Volume = {126},
	Year = {2002}}

@book{Locard20,
	Author = {E. Locard},
	Date-Added = {2015-10-24 22:40:27 +0000},
	Date-Modified = {2015-10-24 22:40:27 +0000},
	Location = {Paris},
	Publisher = {Flammarion},
	Title = {L'enquete criminelle et les Methodes scientifiques},
	Year = {1920}}

@book{Aitken04,
	Author = {Colin Aitken and Frank Taroni},
	Publisher = {Wiley},
	Title = {Statistics and the Evaluation of Evidence for Forensic Scientists},
	Year = {2004}}

@book{Bishop2006,
	Author = {Bishop, C.},
	Publisher = {Springer, New York},
	Title = {Pattern Recognition and Machine Learning},
	Year = {2006}}

@book{Cochran1977,
	Author = {W. G. Cochran},
	Edition = {3rd},
	Publisher = {Wiley},
	Title = {Sampling Techniques},
	Year = {1977}}

@article{Chow1968,
	Author = {C. Chow and C. Liu},
	Journal = {IEEE Tran. on Information Theory},
	Number = {3},
	Title = {Approximating Discrete Probability Distributions with Dependence Trees},
	Volume = {14},
	Year = {1968}}
	
@article{Daeid2015,
	Author = {N. N. Daeid and S. Black},
	Journal = {The Royal Society Philosophical Transactions B},
	Title = {The paradigm shift for forensic science},
	Volume = {370},
	Year = {2015}}

@inproceedings{Davis2010,
	Author = {J. Davis and P. Domingos},
	Booktitle = {Proceedings of the ICML'10},
	Title = {Bottom-Up Learning of Markov Network Structure},
	Year = {2010}}

@article{Ding2011,
	Author = {Ding, Shilin},
	Journal = {Graphical Models},
	Number = {X},
	Title = {Learning Undirected Graphical Models with Structure Penalty},
	Url = {http://arxiv.org/abs/1104.5256},
	Year = {2011},
	Bdsk-Url-1 = {http://arxiv.org/abs/1104.5256}}

@book{Edwards1995,
	Author = {D. Edwards},
	Publisher = {Springer, New York},
	Title = {Introduction to Graphical Modeling},
	Year = {1995}}

@incollection{Gelman2011,
	Author = {A. Gelman and K. Shirley},
	Booktitle = {Handbook of Markov Chain Monte Carlo},
	Editor = {S. Brooks and A. Gelman and G. I. Jones and X-L. Meng},
	Pages = {163-174},
	Publisher = {Chapman \& Hall: CRC Handbooks of Modern Statistical Methods},
	Title = {Inference from simulations and monitoring convergence},
	Year = {2011}}

@article{Getoor2002,
	Author = {L. Getoor and N. Friedman and D. Koller and B. Taskar},
	Journal = {Journal of Machine Learning Research},
	Pages = {679-707},
	Title = {Learning probabilistic models of link structure},
	Volume = {3},
	Year = {2002}}

@article{Goodman1961,
	Author = {L. A. Goodman},
	Journal = {Annals of Mathematical Statistics},
	Number = {1},
	Pages = {148-170},
	Title = {Snowball Sampling},
	Volume = {32},
	Year = {1961}}
@article{Ho1994,
	Author={T. Ho and  J. J. Hull and S. N. Srihari},
	Title={Decision Combination in Multiple Classifier Systems},
	Journal={IEEE Transactions on Pattern Analysis and Machine Intelligence},
	Year={1994},
	Volume={16(1)},
	Pages={66-75}}
	

@article{Karger2001,
	Author = {D. Karger and N. Srebro},
	Journal = {Proceedings of ACM-SIAM Symposium on Discrete Algorithms},
	Note = {Washington, USA},
	Title = {Learning {M}arkov Networks: Maximum Bounded Tree-width Graphs},
	Year = {2001}}

@article{Kohli2009,
	Author = {P. Kohli and L. Ladicky and P. Torr},
	Journal = {IJCV},
	Number = {82},
	Pages = {302-324},
	Title = {Robust higher-order potentials for enforcing label consistency},
	Year = {2009}}

@book{Koller2009,
	Author = {D. Koller and N. Friedman},
	Publisher = {MIT Press},
	Title = {Probabilistic Graphical Models: Principles and Techniques},
	Year = 2009}

@inproceedings{Kovalenko2012,
	Author = {D. Kovalenko and S. N. Srihari},
	Booktitle = {Proceedings Int. Conf. on Pattern Recognition},
	Date-Modified = {2015-11-05 17:40:55 +0000},
	Publisher = {IEEE Computer Society Press},
	Title = {On methds for incorporating evidences into posterior scoring of hypotheses},
	Year = {2012}}
	
@inproceedings{Krizhevsky2012,
  title={Imagenet classification with deep convolutional neural networks},
  author={Krizhevsky, Alex and Sutskever, Ilya and Hinton, Geoffrey E},
  booktitle={Advances in neural information processing systems},
  pages={1097--1105},
  year={2012}
}
	
@inproceedings{Le2012,
title = {Building high-level features using large scale unsupervised learning},
author  = {Quoc Le and Marc'Aurelio Ranzato and Rajat Monga and Matthieu Devin and Kai Chen and Greg Corrado and Jeff Dean and Andrew Ng},
year  = 2012,
booktitle = {International Conference in Machine Learning}
}

@article{LeCun2015,
	Author = {Y. LeCun and A. Bengio and G. Hinton},
	Date-Added = {2015-11-02 02:02:52 +0000},
	Date-Modified = {2015-11-02 02:09:00 +0000},
	Journal = {Nature},
	Title = {Deep Learning},
	Year = {2015}}


@article{Lindley1977,
	Author = {Lindley, D.V.},
	Journal = {Biometrika},
	Pages = {207-213},
	Title = {A problem in forensic science},
	Volume = {64(2)},
	Year = {1977}}

@article{Muehlberger1977,
	Author = {R. J. Muehlberger and K. W. Newman and J. Regent and J. G. Wichmann},
	Journal = {Journal of Forensic Sciences},
	Pages = {206-210},
	Title = {A Statistical Examination of Selected Handwriting Characteristics},
	Year = {1977},
	Bdsk-File-1 = {YnBsaXN0MDDUAQIDBAUGJCVYJHZlcnNpb25YJG9iamVjdHNZJGFyY2hpdmVyVCR0b3ASAAGGoKgHCBMUFRYaIVUkbnVsbNMJCgsMDxJXTlMua2V5c1pOUy5vYmplY3RzViRjbGFzc6INDoACgAOiEBGABIAFgAdccmVsYXRpdmVQYXRoWWFsaWFzRGF0YV8QWC4uLy4uLy4uL05JSi9Qcm9wb3NhbHMvTklKLUZ1bmRhbWVudGFscy1Qcm9wb3NhbC0yMDEwL1Byb3Bvc2FsLUZ1bmRhLTA0MTYxMC9Qcm9wb3NhbC5iaWLSFwsYGVdOUy5kYXRhTxECQAAAAAACQAACAAAMTWFjaW50b3NoIEhEAAAAAAAAAAAAAAAAAAAAyrVU2EgrAAAAsv50DFByb3Bvc2FsLmJpYgAAAAAAAAAAAAAAAAAAAAAAAAAAAAAAAAAAAAAAAAAAAAAAAAAAAAAAAAAAAAAAAAAAAACztvDH64hpAAAAAAAAAAAAAwAFAAAJIAAAAAAAAAAAAAAAAAAAABVQcm9wb3NhbC1GdW5kYS0wNDE2MTAAABAACAAAyrWNGAAAABEACAAAx+vAqQAAAAEAIACy/nQArnSzAK0zvACtMyAArTMYAK0xpwAFHvUAAMAjAAIAik1hY2ludG9zaCBIRDpVc2VyczoAc2FyZ3Vyc3JpaGFyaToARHJvcGJveDoARG9jdW1lbnRzOgBOSUo6AFByb3Bvc2FsczoATklKLUZ1bmRhbWVudGFscy1Qcm9wb3NhbC0yMDEwOgBQcm9wb3NhbC1GdW5kYS0wNDE2MTA6AFByb3Bvc2FsLmJpYgAOABoADABQAHIAbwBwAG8AcwBhAGwALgBiAGkAYgAPABoADABNAGEAYwBpAG4AdABvAHMAaAAgAEgARAASAHVVc2Vycy9zYXJndXJzcmloYXJpL0Ryb3Bib3gvRG9jdW1lbnRzL05JSi9Qcm9wb3NhbHMvTklKLUZ1bmRhbWVudGFscy1Qcm9wb3NhbC0yMDEwL1Byb3Bvc2FsLUZ1bmRhLTA0MTYxMC9Qcm9wb3NhbC5iaWIAABMAAS8AABUAAgAU//8AAIAG0hscHR5aJGNsYXNzbmFtZVgkY2xhc3Nlc11OU011dGFibGVEYXRhox0fIFZOU0RhdGFYTlNPYmplY3TSGxwiI1xOU0RpY3Rpb25hcnmiIiBfEA9OU0tleWVkQXJjaGl2ZXLRJidUcm9vdIABAAgAEQAaACMALQAyADcAQABGAE0AVQBgAGcAagBsAG4AcQBzAHUAdwCEAI4A6QDuAPYDOgM8A0EDTANVA2MDZwNuA3cDfAOJA4wDngOhA6YAAAAAAAACAQAAAAAAAAAoAAAAAAAAAAAAAAAAAAADqA==}}

@book{NAS09,
	Author = {{National Academy of Sciences}},
	Publisher = {National Academies Press},
	Title = {Strengthening the Forensic Sciences in the {U}nited {S}tates: A Path Forward},
	Year = {2009},
	Bdsk-File-1 = {YnBsaXN0MDDUAQIDBAUGJCVYJHZlcnNpb25YJG9iamVjdHNZJGFyY2hpdmVyVCR0b3ASAAGGoKgHCBMUFRYaIVUkbnVsbNMJCgsMDxJXTlMua2V5c1pOUy5vYmplY3RzViRjbGFzc6INDoACgAOiEBGABIAFgAdccmVsYXRpdmVQYXRoWWFsaWFzRGF0YV8QWC4uLy4uLy4uL05JSi9Qcm9wb3NhbHMvTklKLUZ1bmRhbWVudGFscy1Qcm9wb3NhbC0yMDEwL1Byb3Bvc2FsLUZ1bmRhLTA0MTYxMC9Qcm9wb3NhbC5iaWLSFwsYGVdOUy5kYXRhTxECQAAAAAACQAACAAAMTWFjaW50b3NoIEhEAAAAAAAAAAAAAAAAAAAAyrVU2EgrAAAAsv50DFByb3Bvc2FsLmJpYgAAAAAAAAAAAAAAAAAAAAAAAAAAAAAAAAAAAAAAAAAAAAAAAAAAAAAAAAAAAAAAAAAAAACztvDH64hpAAAAAAAAAAAAAwAFAAAJIAAAAAAAAAAAAAAAAAAAABVQcm9wb3NhbC1GdW5kYS0wNDE2MTAAABAACAAAyrWNGAAAABEACAAAx+vAqQAAAAEAIACy/nQArnSzAK0zvACtMyAArTMYAK0xpwAFHvUAAMAjAAIAik1hY2ludG9zaCBIRDpVc2VyczoAc2FyZ3Vyc3JpaGFyaToARHJvcGJveDoARG9jdW1lbnRzOgBOSUo6AFByb3Bvc2FsczoATklKLUZ1bmRhbWVudGFscy1Qcm9wb3NhbC0yMDEwOgBQcm9wb3NhbC1GdW5kYS0wNDE2MTA6AFByb3Bvc2FsLmJpYgAOABoADABQAHIAbwBwAG8AcwBhAGwALgBiAGkAYgAPABoADABNAGEAYwBpAG4AdABvAHMAaAAgAEgARAASAHVVc2Vycy9zYXJndXJzcmloYXJpL0Ryb3Bib3gvRG9jdW1lbnRzL05JSi9Qcm9wb3NhbHMvTklKLUZ1bmRhbWVudGFscy1Qcm9wb3NhbC0yMDEwL1Byb3Bvc2FsLUZ1bmRhLTA0MTYxMC9Qcm9wb3NhbC5iaWIAABMAAS8AABUAAgAU//8AAIAG0hscHR5aJGNsYXNzbmFtZVgkY2xhc3Nlc11OU011dGFibGVEYXRhox0fIFZOU0RhdGFYTlNPYmplY3TSGxwiI1xOU0RpY3Rpb25hcnmiIiBfEA9OU0tleWVkQXJjaGl2ZXLRJidUcm9vdIABAAgAEQAaACMALQAyADcAQABGAE0AVQBgAGcAagBsAG4AcQBzAHUAdwCEAI4A6QDuAPYDOgM8A0EDTANVA2MDZwNuA3cDfAOJA4wDngOhA6YAAAAAAAACAQAAAAAAAAAoAAAAAAAAAAAAAAAAAAADqA==}}

@article{Neumann2007,
  title={Computation of likelihood ratios in fingerprint identification for configurations of any number of minutiae},
  author={Neumann, Cedric and Champod, Christophe and Puch-Solis, Roberto and Egli, Nicole and Anthonioz, Alexandre and Bromage-Griffiths, Andie},
  journal={Journal of Forensic Sciences},
  volume={52},
  number={1},
  pages={54--64},
  year={2007},
  publisher={Blackwell Publishing Inc}
}


@book{Pearl1988,
	Author = {Pearl, J.},
	Publisher = {Morgan Kaufmann},
	Title = {Probabilistic Reasoning in Intelligent Systems: Networks of Plausible Inference},
	Year = {1988}}

@book{Pervouchine06,
	Author = {V. Pervouchine},
	Publisher = {PhD Thesis, Nanyang University, Singapore},
	Title = {Discriminative Power of Features Used by Forensic Document Examiners in the Analysis of Handwriting},
	Year = {2006}}

@article{Pietra1997,
	Author = {S. Pietra and V. Pietra and J. Lafferty},
	Journal = {IEEE Transactions on Pattern Analysis and Machine Intelligence},
	Number = {4},
	Pages = {380--393},
	Title = {Inducing Features of Random Fields},
	Volume = {19},
	Year = {1997}}

@book{Rasmussen06,
	Author = {Rasmussen, C.E. and Williams, C.K.I.},
	Isbn = {026218253X},
	Pages = {25-40},
	Publisher = {the MIT Press},
	Title = {Gaussian Processes for Machine Learning},
	Year = {2006}}

@inproceedings{Roy2009,
	Acmid = {1553490},
	Address = {New York, NY, USA},
	Author = {Roy, Sushmita and Lane, Terran and Werner-Washburne, Margaret},
	Booktitle = {Proceedings of the 26th Annual International Conference on Machine Learning},
	Doi = {http://doi.acm.org/10.1145/1553374.1553490},
	Isbn = {978-1-60558-516-1},
	Location = {Montreal, Quebec, Canada},
	Numpages = {8},
	Pages = {905--912},
	Publisher = {ACM},
	Series = {ICML '09},
	Title = {Learning structurally consistent undirected probabilistic graphical models},
	Url = {http://doi.acm.org/10.1145/1553374.1553490},
	Year = {2009},
	Bdsk-Url-1 = {http://doi.acm.org/10.1145/1553374.1553490}}

@book{Snyman2005,
	Author = {Snyman, J. A.},
	Booktitle = {Practical Mathematical Optimization},
	Publisher = {Springer-Verlag New York, Inc.},
	Series = {Applied Optimization, Vol. 97},
	Title = {{Practical Mathematical Optimization: An Introduction to Basic Optimization Theory and Classical and New Gradient-Based Algorithms}},
	Year = {2005}}

@article{Srihari2002,
	Author = {S. N. Srihari and S. Cha and H. Arora and S. Lee},
	Journal = {Journal of Forensic Sciences},
	Pages = {856--872},
	Title = {Individuality of Handwriting},
	Volume = {44(4)},
	Year = {2002}}

@inproceedings{Su_iwcf09,
	Address = {Berlin, Heidelberg},
	Author = {Su, C. and Srihari, S.N.},
	Booktitle = {IWCF '09 Proceedings},
	Location = {The Hague, The Netherlands},
	Pages = {55--66},
	Publisher = {Springer-Verlag},
	Title = {Probability of Random Correspondence for Fingerprints},
	Year = {2009}}

@article{Srihari2008a,
	Author = {S. N. Srihari and C. Huang and H. Srinivasan},
	Journal = {Journal of Forensic Sciences},
	Pages = {430-446},
	Title = {On the Discriminability of the Handwriting of Twins},
	Volume = {53(2)},
	Year = {2008}}

@article{Srihari2007,
	Author = {S. N. Srihari and H. Srinivasan and K. Desai},
	Journal = {Journal of Forensic Document Examination},
	Pages = {1-20},
	Title = {Questioned Document Examination using {CEDAR-FOX}},
	Volume = {18},
	Year = {2007}}

@article{Srihari2008,
	Author = {S. N. Srihari and H. Srinivasan},
	Journal = {International Journal of Pattern Recognition and Artificial Intelligence},
	Pages = {11-21},
	Title = {Comparison of {ROC} and Likelihood Decision Methods in Automatic Fingerprint Verification},
	Volume = {22(3)},
	Year = {2008}}
	
@book{SrihariFranke08,
	Author = {S. N. Srihari and K. Franke},
	Date-Added = {2015-10-24 22:41:12 +0000},
	Date-Modified = {2015-10-24 22:41:12 +0000},
	Publisher = {Springer},
	Title = {Computational Forensics: Proceedings of Second International Workshop, Washington DC, USA},
	Year = {2008}}

@article{Srihari2010,
	Author = {Srihari, S. N.},
	Journal = {IEEE Spectrum},
	Month = {December},
	Title = {Beyond {CSI}: The rise of computational forensics},
	Url = {http://spectrum.ieee.org/computing/software/beyond-csi-the-rise-of-computational-forensics},
	Year = {2010},
	Bdsk-Url-1 = {http://spectrum.ieee.org/computing/software/beyond-csi-the-rise-of-computational-forensics}}

@inproceedings{Srihari2011,
	Author = {Srihari, S.N.},
	Booktitle = {Proc. Int. Conf. Document Analysis and Recognition},
	Pages = {618-622},
	Publisher = {IEEE Computer Society Press},
	Title = {Evaluation of rarity of handwriting formations},
	Year = {2011}}

@book{Srihari2011a,
	Author = {Srihari, S. N.},
	Publisher = {NIJ DoJ Report},
	Title = {Analysis of Footwear Impression Evidence},
	Year = {2011}}
	
@incollection{Srihari2014,
	Author={S. N. Srihari and Y. Tang}, 
	Title={Computational Methods for the Analysis of Footwear Impression Evidence},
	Booktitle={Computational Intelligence in Digital Forensics},
	Publisher={Springer},
	Year={ 2014},
	Pages={333-383}
}

@article{Srihari2014a,
	Author = {S. N. Srihari and K. Singer},
	Journal = {Pattern Recognition},
	Pages = {1083-1095},
	Title = {Role of Automation in the Examination of Handwritten Items},
	Volume = {47},
	Year = {2014}}


@incollection{SrihariHanson2014,
	Author={S. N. Srihari and M. Puri and L. Hanson}, 
	Title={Probabilistic Modeling of Chldren's Handwriting},
	Booktitle={Proc. Document Recognition and Retrieval},
	Publisher={SPIE},
	Year={ 2014}
}

@inproceedings{Su2010,
	Author={C. Su and S. N. Srihari}, 
	Title={Evaluation of the Rarity of Fingerprints in Forensics},
	Booktitle={Proc. Neural Information Processing Systems (NIPS)}, 
	Year={2010}, 
	Pages={1207-1215}
}

@article{Srivastava2014,
  title={Dropout: A simple way to prevent neural networks from overfitting},
  author={Srivastava, Nitish and Hinton, Geoffrey and Krizhevsky, Alex and Sutskever, Ilya and Salakhutdinov, Ruslan},
  journal={The Journal of Machine Learning Research},
  volume={15},
  number={1},
  pages={1929--1958},
  year={2014},
  publisher={JMLR. org}
}


@article{Tang-Srihari14,
	Author = {Yi Tang and Sargur Srihari},
	Date-Added = {2015-10-28 23:12:29 +0000},
	Date-Modified = {2015-10-28 23:15:00 +0000},
	Journal = {Pattern Recognition},
	Pages = {945-958},
	Title = {Likelihood ratio estimation in forensic identification using similarity and rarity},
	Volume = {47},
	Year = {2014}}


@inproceedings{Su-iwcf09,
	Author = {Su, C. and Srihari, S.},
	Booktitle = {Proceedings of International Workshop on Computational Forensics (IWCF)},
	Location = {The Hague, The Netherlands},
	Publisher = {Springer},
	Title = {Probability of Random Correspondence of Fingerprints},
	Year = {2009}}


@book{Taroni2006,
	Author = {Taroni, F. and Aitken, C. and Garbolino, P. and Biedermann, A.},
	Publisher = {Wiley},
	Title = {Bayesian networks and probabilistic inference for forensic science},
	Year = {2006}}

@book{Taylor12,
	Author = {{E}xpert {W}orking {G}roup},
	Publisher = {NIST, US Department of Commerce},
	Title = {Latent Print Examination and Human Factors: Improving the Practice through a Systems Approach},
	Year = {2012}}
	
@inproceedings{Wan2013,
  title={Regularization of Neural Networks using DropConnect},
  author={L.Wan and M. Zeller and S. Zhang and Y. LeCun and R. Fergus},
  booktitle={Proc. Int. Conf. Machine Learning},
  year={2013}
}

@inproceedings{Wang2011,
	Author = {D. Wang and Z. Li and G. Xie},
	Booktitle = {Communications (ICC), 2011 IEEE International Conference on},
	Month = {June},
	Pages = {1 -5},
	Title = {Towards Unbiased Sampling of {O}nline {S}ocial {N}etworks},
	Year = {2011}}

@incollection{Wasserman1994,
	Author = {Wasserman, Stanley and Faust, Katherine},
	Booktitle = {Social Network Analysis: Methods and Applications},
	Publisher = {Cambridge University Press},
	Title = {Social Network Analysis in the Social and Behavioral Sciences},
	Year = {1994}}
